@book{lipovaca:2011,
  title     = {Learn You a Haskell for Great Good!},
  author    = {Miran Lipovaƒça},
  year      = {2011},
  publisher = {No Starch Press},
  address   = {San Francisco, CA},
  isbn      = {978-1-59327-283-8},
  url       = {http://learnyouahaskell.com/}
}

@book{hutton:2016,
  author    = {Graham Hutton},
  title     = {Programming in Haskell},
  edition   = {2nd},
  year      = {2016},
  publisher = {Cambridge University Press},
  isbn      = {9781316626221},
  url       = {https://www.cambridge.org/highereducation/books/programming-in-haskell/EA2432151A8C7FAFF1746DB7F62ACFB8}
}

@book{lott:2022,
  author    = {Steven F. Lott},
  title     = {Functional Python Programming - Third Edition},
  publisher = {Packt Publishing},
  year      = {2022},
  edition   = {3rd},
  isbn      = {9781803232577},
  url       = {https://www.oreilly.com/library/view/functional-python-programming/9781803232577/}
}

@book{mertz:2015,
  author    = {David Mertz},
  title     = {Functional Programming in Python},
  publisher = {Packt Publishing},
  year      = {2015},
  isbn      = {9781784396992},
  url       = {https://www.oreilly.com/library/view/functional-python-programming/9781784396992/}
}

@book{reid:2023,
  author    = {James L. Reid},
  title     = {Python Functional Programming: A Hands-on Guide To Write Clean \& Powerful Applications},
  publisher = {Independently Published},
  year      = {2023},
  isbn      = {9798853739572},
  url       = {https://www.amazon.co.uk/Python-Functional-Programming-Hands-Applications/dp/B0D57B7PTS}
}

@book{skinner:2023,
  title     = {Effective Haskell: Solving Real-World Problems with Strongly Typed Functional Programming},
  author    = {Rebecca Skinner},
  year      = {2023},
  publisher = {Pragmatic Bookshelf},
  isbn      = {9781680509342},
  url       = {https://pragprog.com/titles/rshaskell/effective-haskell/}
}

